
@inproceedings{Bellicoso_Jenelten_Fankhauser_Gehring_Hwangbo_Hutter_2017,   title={Dynamic locomotion and whole-body control for quadrupedal robots},  url={http://dx.doi.org/10.1109/iros.2017.8206174},  DOI={10.1109/iros.2017.8206174},  booktitle={2017 IEEE/RSJ International Conference on Intelligent Robots and Systems (IROS)},  author={Bellicoso, C.Dario and Jenelten, Fabian and Fankhauser, Peter and Gehring, Christian and Hwangbo, Jemin and Hutter, Marco},  year={2017},  month={Sep},  language={en-US}  }

@article{Winkler_Bellicoso_Hutter_Buchli_2018,   title={Gait and Trajectory Optimization for Legged Systems Through Phase-Based End-Effector Parameterization},  url={http://dx.doi.org/10.1109/lra.2018.2798285},  DOI={10.1109/lra.2018.2798285},  journal={IEEE Robotics and Automation Letters},  author={Winkler, Alexander W. and Bellicoso, C. Dario and Hutter, Marco and Buchli, Jonas},  year={2018},  month={Jul},  pages={1560–1567},  language={en-US}  }

@inproceedings{Pardo_Neunert_Winkler_Grandia_Buchli_2017,   title={Hybrid direct collocation and control in the constraint-consistent subspace for dynamic legged robot locomotion},  url={http://dx.doi.org/10.15607/rss.2017.xiii.042},  DOI={10.15607/rss.2017.xiii.042},  booktitle={Robotics: Science and Systems XIII},  author={Pardo, Diego and Neunert, Michael and Winkler, Alexander and Grandia, Ruben and Buchli, Jonas},  year={2017},  month={Sep},  language={en-US}  }

@article{Neunert_Stauble_Giftthaler_Bellicoso_Carius_Gehring_Hutter_Buchli_2018,   title={Whole-Body Nonlinear Model Predictive Control Through Contacts for Quadrupeds},  url={http://dx.doi.org/10.1109/lra.2018.2800124},  DOI={10.1109/lra.2018.2800124},  journal={IEEE Robotics and Automation Letters},  author={Neunert, Michael and Stauble, Markus and Giftthaler, Markus and Bellicoso, Carmine D. and Carius, Jan and Gehring, Christian and Hutter, Marco and Buchli, Jonas},  year={2018},  month={Jul},  pages={1458–1465},  language={en-US}  }

@article{Hwangbo_Lee_Dosovitskiy_Bellicoso_Tsounis_Koltun_Hutter_2019,   title={Learning agile and dynamic motor skills for legged robots},  url={http://dx.doi.org/10.1126/scirobotics.aau5872},  DOI={10.1126/scirobotics.aau5872},  journal={Science Robotics},  author={Hwangbo, Jemin and Lee, Joonho and Dosovitskiy, Alexey and Bellicoso, Dario and Tsounis, Vassilios and Koltun, Vladlen and Hutter, Marco},  year={2019},  month={Jan},  language={en-US}  }

@article{Lee_Hwangbo_Wellhausen_Koltun_Hutter_2020,   title={Learning Quadrupedal Locomotion over Challenging Terrain},  url={http://dx.doi.org/10.1126/scirobotics.abc5986},  DOI={10.1126/scirobotics.abc5986},  journal={Science Robotics},  author={Lee, Joonho and Hwangbo, Jemin and Wellhausen, Lorenz and Koltun, Vladlen and Hutter, Marco},  year={2020},  month={Oct},  language={en-US}  }

@article{Miki_Lee_Hwangbo_Wellhausen_Koltun_Hutter_2022,   title={Learning robust perceptive locomotion for quadrupedal robots in the wild},  DOI={DOI: 10.1126/scirobotics.abk2822},  number={VOL. 7, NO. 62},  journal={Science Robotics},  author={Miki, Takahiro and Lee, Joonho and Hwangbo, Jemin and Wellhausen, Lorenz and Koltun, Vladlen and Hutter, Marco},  year={2022},  month={Jan},  language={en-US}  }

@article{Gehring_Coros_Hutter_Bellicoso_Heijnen_Diethelm_Bloesch_Fankhauser_Hwangbo_Hoepflinger_et_al_2016,   title={An Optimization-based Approach to Controlling Agile Motions for a Quadruped Robot},  DOI={10.3929/ethz-a-010644954},  journal={IEEE Robotics and Automation},  author={Gehring, Christian and Coros, Stelian and Hutter, Marco and Bellicoso, C.Dario and Heijnen, Huub and Diethelm, Remo and Bloesch, Michael and Fankhauser, PÃ©ter and Hwangbo, Jemin and Hoepflinger, AMark and Siegwart, Roland},  year={2016},  month={Jan},  language={en-US}  }

@article{Makoviychuk_Wawrzyniak_Guo_Lu_Storey_Macklin_Hoeller_Rudin_Allshire_Handa_et_al_2021,   title={Isaac Gym: High Performance GPU-Based Physics Simulation For Robot Learning},  journal={arXiv: Robotics,arXiv: Robotics},  author={Makoviychuk, Viktor and Wawrzyniak, Lukasz and Guo, Yunrong and Lu, Michelle and Storey, Kier and Macklin, Miles and Hoeller, David and Rudin, Nikita and Allshire, Arthur and Handa, Ankur and State, Gavriel},  year={2021},  month={Aug},  language={en-US}  }

@article{Rudin_Hoeller_Reist_Hutter_2021,   title={Learning to Walk in Minutes Using Massively Parallel Deep Reinforcement Learning},  journal={arXiv: Robotics,arXiv: Robotics},  author={Rudin, Nikita and Hoeller, David and Reist, Philipp and Hutter, Marco},  year={2021},  month={Sep},  language={en-US}  }

@inproceedings{Klemm_Morra_Salzmann_Tschopp_Bodie_Gulich_Kung_Mannhart_Pfister_Vierneisel_et_al_2019,   title={Ascento: A Two-Wheeled Jumping Robot},  url={http://dx.doi.org/10.1109/icra.2019.8793792},  DOI={10.1109/icra.2019.8793792},  booktitle={2019 International Conference on Robotics and Automation (ICRA)},  author={Klemm, Victor and Morra, Alessandro and Salzmann, Ciro and Tschopp, Florian and Bodie, Karen and Gulich, Lionel and Kung, Nicola and Mannhart, Dominik and Pfister, Corentin and Vierneisel, Marcus and Weber, Florian and Deuber, Robin and Siegwart, Roland},  year={2019},  month={May},  language={en-US}  }

@inproceedings{Herzog_Rotella_Schaal_Righetti_2015,   title={Trajectory generation for multi-contact momentum control},  url={http://dx.doi.org/10.1109/humanoids.2015.7363464},  DOI={10.1109/humanoids.2015.7363464},  booktitle={2015 IEEE-RAS 15th International Conference on Humanoid Robots (Humanoids)},  author={Herzog, Alexander and Rotella, Nicholas and Schaal, Stefan and Righetti, Ludovic},  year={2015},  month={Nov},  language={en-US}  }

@article{Dietrich_Bussmann_Petit_Kotyczka_Ott_Lohmann_Albu_Schäffer_2015,   title={Whole-body impedance control of wheeled mobile manipulators Stability analysis and experiments on the humanoid robot Rollin’ Justin},  volume={Media New York 2015},  DOI={10.1007/s10514-015-9438-z},  journal={Springer Science+Business},  author={Dietrich, Alexander and Bussmann, Kristin and Petit, Florian and Kotyczka, Paul and Ott, Christian and Lohmann, Boris and Albu-Schäffer, Alin},  year={2015},  month={Jan},  language={en-US}  }

@article{Bellicoso_Jenelten_Gehring_Hutter_2018,   title={Dynamic Locomotion Through Online Nonlinear Motion Optimization for Quadrupedal Robots},  url={http://dx.doi.org/10.1109/lra.2018.2794620},  DOI={10.1109/lra.2018.2794620},  journal={IEEE Robotics and Automation Letters},  author={Bellicoso, C. Dario and Jenelten, Fabian and Gehring, Christian and Hutter, Marco},  year={2018},  month={Jul},  pages={2261–2268},  language={en-US}  }

@inproceedings{Dario_Bellicoso_Gehring_Hwangbo_Fankhauser_Hutter_2016,   title={Perception-less terrain adaptation through whole body control and hierarchical optimization},  url={http://dx.doi.org/10.1109/humanoids.2016.7803330},  DOI={10.1109/humanoids.2016.7803330},  booktitle={2016 IEEE-RAS 16th International Conference on Humanoid Robots (Humanoids)},  author={Dario Bellicoso, C. and Gehring, Christian and Hwangbo, Jemin and Fankhauser, Peter and Hutter, Marco},  year={2016},  month={Nov},  language={en-US}  }

@inbook{Lee_Bjelonic_Hutter_2023,   title={Control of Wheeled-Legged Quadrupeds Using Deep Reinforcement Learning},  url={http://dx.doi.org/10.1007/978-3-031-15226-9_14},  DOI={10.1007/978-3-031-15226-9_14},  booktitle={Robotics in Natural Settings,Lecture Notes in Networks and Systems},  author={Lee, Joonho and Bjelonic, Marko and Hutter, Marco},  year={2023},  month={Jan},  pages={119–127},  language={en-US}  }

@article{Schulman_Levine_Moritz_Jordan_Abbeel_2015,   title={Trust Region Policy Optimization},  journal={arXiv: Learning,arXiv: Learning},  author={Schulman, John and Levine, Sergey and Moritz, Philipp and Jordan, MichaelI. and Abbeel, Pieter},  year={2015},  month={Feb},  language={en-US}  }

@article{Bai_Kolter_Koltun_2018,   title={An Empirical Evaluation of Generic Convolutional and Recurrent Networks for Sequence Modeling},  journal={arXiv: Learning,arXiv: Learning},  author={Bai, Shaojie and Kolter, J.Zico and Koltun, Vladlen},  year={2018},  month={Mar},  language={en-US}  }

@article{Chen_Zhou_Koltun_Krähenbühl_2019,   title={Learning by Cheating},  journal={Conference on Robot Learning,Conference on Robot Learning},  author={Chen, Dian and Zhou, Brady and Koltun, Vladlen and Krähenbühl, Philipp},  year={2019},  month={Dec},  language={en-US}  }

@article{Iscen_Caluwaerts_Tan_Zhang_Coumans_Sindhwani_Vanhoucke_2018,   title={Policies Modulating Trajectory Generators},  journal={Conference on Robot Learning,Conference on Robot Learning},  author={Iscen, Atil and Caluwaerts, Ken and Tan, Jie and Zhang, Tingnan and Coumans, Erwin and Sindhwani, Vikas and Vanhoucke, Vincent},  year={2018},  month={Oct},  language={en-US}  }

@inproceedings{Barasuol_Buchli_Semini_Frigerio_De_Pieri_Caldwell_2013,   title={A reactive controller framework for quadrupedal locomotion on challenging terrain},  url={http://dx.doi.org/10.1109/icra.2013.6630926},  DOI={10.1109/icra.2013.6630926},  booktitle={2013 IEEE International Conference on Robotics and Automation},  author={Barasuol, Victor and Buchli, Jonas and Semini, Claudio and Frigerio, Marco and De Pieri, Edson R. and Caldwell, Darwin G.},  year={2013},  month={May},  language={en-US}  }

@article{Lee_Hwangbo_Hutter_2019,   title={Robust Recovery Controller for a Quadrupedal Robot using Deep Reinforcement Learning.},  journal={arXiv: Robotics,arXiv: Robotics},  author={Lee, Joonho and Hwangbo, Jemin and Hutter, Marco},  year={2019},  month={Jan},  language={en-US}  }

@article{Hwangbo_Bellicoso_Fankhauser_Huttery_2016,   title={Probabilistic foot contact estimation by fusing information from dynamics and differential/forward kinematics},  journal={Intelligent Robots and Systems,Intelligent Robots and Systems},  author={Hwangbo, Jemin and Bellicoso, CarmineDario and Fankhauser, Peter and Huttery, Marco},  year={2016},  month={Oct},  language={en-US}  }

 @article{Zhu_Li_Poupart_Miao_2017,   title={On Improving Deep Reinforcement Learning for POMDPs},  journal={arXiv: Learning,arXiv: Learning},  author={Zhu, Pengfei and Li, Xin and Poupart, Pascal and Miao, Guanghui},  year={2017},  month={Apr},  language={en-US}  }

  @article{Mnih_Kavukcuoglu_Silver_Graves_Antonoglou_Wierstra_Riedmiller_2013,   title={Playing Atari with Deep Reinforcement Learning},  journal={arXiv: Learning,arXiv: Learning},  author={Mnih, Volodymyr and Kavukcuoglu, Koray and Silver, David and Graves, Alex and Antonoglou, Ioannis and Wierstra, Daan and Riedmiller, Martin},  year={2013},  month={Dec},  language={en-US}  }

  @article{Schulman_Wolski_Dhariwal_Radford_Klimov_2017,   title={Proximal Policy Optimization Algorithms},  journal={arXiv: Learning,arXiv: Learning},  author={Schulman, John and Wolski, Filip and Dhariwal, Prafulla and Radford, Alec and Klimov, Oleg},  year={2017},  month={Jul},  language={en-US}  }

  @inproceedings{Kalakrishnan_Buchli_Pastor_Mistry_Schaal_2010,   title={Fast, robust quadruped locomotion over challenging terrain},  url={http://dx.doi.org/10.1109/robot.2010.5509805},  DOI={10.1109/robot.2010.5509805},  booktitle={2010 IEEE International Conference on Robotics and Automation},  author={Kalakrishnan, Mrinal and Buchli, Jonas and Pastor, Peter and Mistry, Michael and Schaal, Stefan},  year={2010},  month={May},  language={en-US}  }

  @article{Goldfarb_Idnani_1983,   title={A numerically stable dual method for solving strictly convex quadratic programs},  volume={27},  url={http://dx.doi.org/10.1007/bf02591962},  DOI={10.1007/bf02591962},  number={1},  journal={Mathematical Programming},  author={Goldfarb, D. and Idnani, A.},  year={1983},  month={Sep},  pages={1–33},  language={en-US}  }

  @article{Ross_Gordon_Bagnell_2010,   title={A Reduction of Imitation Learning and Structured Prediction to No-Regret Online Learning},  journal={arXiv: Learning,arXiv: Learning},  author={Ross, Stephane and Gordon, GeoffreyJ. and Bagnell, J.Andrew},  year={2010},  month={Nov},  language={en-US}  }

  @inproceedings{Cho_van_Merrienboer_Gulcehre_Bahdanau_Bougares_Schwenk_Bengio_2014,   title={Learning Phrase Representations using RNN Encoder--Decoder for Statistical Machine Translation},  url={http://dx.doi.org/10.3115/v1/d14-1179},  DOI={10.3115/v1/d14-1179},  booktitle={Proceedings of the 2014 Conference on Empirical Methods in Natural Language Processing (EMNLP)},  author={Cho, Kyunghyun and van Merrienboer, Bart and Gulcehre, Caglar and Bahdanau, Dzmitry and Bougares, Fethi and Schwenk, Holger and Bengio, Yoshua},  year={2014},  month={Jan},  language={en-US}  }

  @inbook{Paszke_Gross_Massa_Lerer_Bradbury_Chanan_Killeen_Lin_Gimelshein_Antiga_et_al_2019,   title={PyTorch: An Imperative Style, High-Performance Deep Learning Library},  DOI={https://dl.acm.org/doi/10.5555/3454287.3455008},  number={Article No.: 721},  booktitle={arXiv: Learning},  author={Paszke, Adam and Gross, Sam and Massa, Francisco and Lerer, Adam and Bradbury, James and Chanan, Gregory and Killeen, Trevor and Lin, Zeming and Gimelshein, Natalia and Antiga, Luca and Desmaison, Alban and Kopf, Andreas and Yang, EdwardZ. and DeVito, Zachary and Raison, Martin and Tejani, Alykhan and Chilamkurthy, Sasank and Steiner, Benoit and Fang, Lu and Bai, Junjie and Chintala, Soumith},  year={2019},  month={Dec},  pages={Pages 8026-8037},  language={en-US}  }

@article{Czarnecki_Pascanu_Osindero_Jayakumar_Swirszcz_Jaderberg_2019,   title={Distilling Policy Distillation},  journal={arXiv: Learning,arXiv: Learning},  author={Czarnecki, WojciechMarian and Pascanu, Razvan and Osindero, Simon and Jayakumar, SiddhantM. and Swirszcz, Grzegorz and Jaderberg, Max},  year={2019},  month={Feb},  language={en-US}  }

@article{Hochreiter_Schmidhuber_1997,   title={Long short-term memory},  url={http://dx.doi.org/10.1162/neco.1997.9.8.1735},  DOI={10.1162/neco.1997.9.8.1735},  journal={Neural Computation},  author={Hochreiter, Sepp and Schmidhuber, Jürgen},  year={1997},  month={Nov},  pages={1735–1780},  language={en-US}  }

@article{Fankhauser_Bloesch_Hutter_2018,   title={Probabilistic Terrain Mapping for Mobile Robots With Uncertain Localization},  url={http://dx.doi.org/10.1109/lra.2018.2849506},  DOI={10.1109/lra.2018.2849506},  journal={IEEE Robotics and Automation Letters},  author={Fankhauser, Peter and Bloesch, Michael and Hutter, Marco},  year={2018},  month={Oct},  pages={3019–3026},  language={en-US}  }

@article{Azad_Featherstone_2014,   title={A New Nonlinear Model of Contact Normal Force},  volume={30},  url={http://dx.doi.org/10.1109/tro.2013.2293833},  DOI={10.1109/tro.2013.2293833},  number={3},  journal={IEEE Transactions on Robotics},  author={Azad, Morteza and Featherstone, Roy},  year={2014},  month={Jun},  pages={736–739},  language={en-US}  }

@article{Giftthaler_Neunert_Stäuble_Frigerio_Semini_Buchli_2017,   title={Automatic Differentiation of Rigid Body Dynamics for Optimal Control and Estimation},  volume={31},  url={http://dx.doi.org/10.1080/01691864.2017.1395361},  DOI={10.1080/01691864.2017.1395361},  number={22},  journal={Advanced Robotics},  author={Giftthaler, Markus and Neunert, Michael and Stäuble, Markus and Frigerio, Marco and Semini, Claudio and Buchli, Jonas},  year={2017},  month={Nov},  pages={1225–1237},  language={en-US}  }

@article{Diehl_Bock_Diedam_Wieber_2005,   title={Fast Direct Multiple Shooting Algorithms for Optimal Robot Control},  author={Diehl, Moritz and Bock, HansGeorg and Diedam, Holger and Wieber, Pierre-Brice},  year={2005},  month={Jan},  language={en-US}  }

@inproceedings{Posa_Kuindersma_Tedrake_2016,   title={Optimization and stabilization of trajectories for constrained dynamical systems},  url={http://dx.doi.org/10.1109/icra.2016.7487270},  DOI={10.1109/icra.2016.7487270},  booktitle={2016 IEEE International Conference on Robotics and Automation (ICRA)},  author={Posa, Michael and Kuindersma, Scott and Tedrake, Russ},  year={2016},  month={May},  language={en-US}  }

@article{Pardo_Moller_Neunert_Winkler_Buchli_2016,   title={Evaluating direct transcription and nonlinear optimization methods for robot motion planning},  volume={1},  url={http://dx.doi.org/10.1109/lra.2016.2527062},  DOI={10.1109/lra.2016.2527062},  number={2},  journal={IEEE Robotics and Automation Letters},  author={Pardo, Diego and Moller, Lukas and Neunert, Michael and Winkler, Alexander W. and Buchli, Jonas},  year={2016},  month={Jul},  pages={946–953},  language={en-US}  }

@article{Giftthaler_Neunert_Stäuble_Buchli_Diehl_2017,   title={A Family of Iterative Gauss-Newton Shooting Methods for Nonlinear Optimal Control},  journal={arXiv: Systems and Control,arXiv: Systems and Control},  author={Giftthaler, Markus and Neunert, Michael and Stäuble, Markus and Buchli, Jonas and Diehl, Moritz},  year={2017},  month={Nov},  language={en-US}  }

@inproceedings{Todorov_Weiwei_Li_2005,   title={A generalized iterative LQG method for locally-optimal feedback control of constrained nonlinear stochastic systems},  url={http://dx.doi.org/10.1109/acc.2005.1469949},  DOI={10.1109/acc.2005.1469949},  booktitle={Proceedings of the 2005, American Control Conference, 2005.},  author={Todorov, E. and  Weiwei Li},  year={2005},  month={Aug},  language={en-US}  }

@inproceedings{Sideris_Bobrow_2005,   title={An efficient sequential linear quadratic algorithm for solving nonlinear optimal control problems},  url={http://dx.doi.org/10.1109/acc.2005.1470308},  DOI={10.1109/acc.2005.1470308},  booktitle={Proceedings of the 2005, American Control Conference, 2005.},  author={Sideris, A. and Bobrow, J.E.},  year={2005},  month={Aug},  language={en-US}  }

@inproceedings{Todorov_Erez_Tassa_2012,   title={MuJoCo: A physics engine for model-based control},  url={http://dx.doi.org/10.1109/iros.2012.6386109},  DOI={10.1109/iros.2012.6386109},  booktitle={2012 IEEE/RSJ International Conference on Intelligent Robots and Systems},  author={Todorov, Emanuel and Erez, Tom and Tassa, Yuval},  year={2012},  month={Oct},  language={en-US}  }

@article{Lee_X_Grey_Ha_Kunz_Jain_Ye_S_Srinivasa_Stilman_Karen_Liu_2018,   title={DART: Dynamic Animation and Robotics Toolkit},  url={http://dx.doi.org/10.21105/joss.00500},  DOI={10.21105/joss.00500},  journal={The Journal of Open Source Software},  author={Lee, Jeongseok and X. Grey, Michael and Ha, Sehoon and Kunz, Tobias and Jain, Sumit and Ye, Yuting and S. Srinivasa, Siddhartha and Stilman, Mike and Karen Liu, C.},  year={2018},  month={Feb},  pages={500},  language={en-US}  }

@inproceedings{Rohmer_Singh_Freese_2013,   title={V-REP: A versatile and scalable robot simulation framework},  url={http://dx.doi.org/10.1109/iros.2013.6696520},  DOI={10.1109/iros.2013.6696520},  booktitle={2013 IEEE/RSJ International Conference on Intelligent Robots and Systems},  author={Rohmer, Eric and Singh, Surya P. N. and Freese, Marc},  year={2013},  month={Nov},  language={en-US}  }

@article{OpenAI_Akkaya_Andrychowicz_Chociej_Litwin_McGrew_Petron_Paino_Plappert_Powell_et_al_2019,   title={Solving Rubik’s Cube with a Robot Hand.},  journal={Cornell University - arXiv,Cornell University - arXiv},  author={OpenAI, OpenAI and Akkaya, Ilge and Andrychowicz, Marcin and Chociej, Maciek and Litwin, Mateusz and McGrew, Bob and Petron, Arthur and Paino, Alex and Plappert, Matthias and Powell, Glenn and Ribas, Raphael and Schneider, Jonas and Tezak, Nikolas and Tworek, Jerry and Welinder, Peter and Weng, Lilian and Yuan, Qiming and Zaremba, Wojciech and Zhang, LeiM.},  year={2019},  month={Oct},  language={en-US}  }

@article{Andrychowicz_Baker_Chociej_Józefowicz_McGrew_Pachocki_Petron_Plappert_Powell_Ray_et_al_2020,   title={Learning Dexterous In-Hand Manipulation},  url={http://dx.doi.org/10.1177/0278364919887447},  DOI={10.1177/0278364919887447},  journal={The International Journal of Robotics Research},  author={Andrychowicz, OpenAI: Marcin and Baker, Bowen and Chociej, Maciek and Józefowicz, Rafal and McGrew, Bob and Pachocki, Jakub and Petron, Arthur and Plappert, Matthias and Powell, Glenn and Ray, Alex and Schneider, Jonas and Sidor, Szymon and Tobin, Josh and Welinder, Peter and Weng, Lilian and Zaremba, Wojciech},  year={2020},  month={Jan},  pages={3–20},  language={en-US}  }

@inproceedings{Tobin_Fong_Ray_Schneider_Zaremba_Abbeel_2017,   title={Domain randomization for transferring deep neural networks from simulation to the real world},  url={http://dx.doi.org/10.1109/iros.2017.8202133},  DOI={10.1109/iros.2017.8202133},  booktitle={2017 IEEE/RSJ International Conference on Intelligent Robots and Systems (IROS)},  author={Tobin, Josh and Fong, Rachel and Ray, Alex and Schneider, Jonas and Zaremba, Wojciech and Abbeel, Pieter},  year={2017},  month={Sep},  language={en-US}  }




